
@article{ReferencePopulationOfCyberjaya,
	Author = {Wikipedia},
	Journal = {Cyberjaya},
	Url = {https://en.wikipedia.org/wiki/Cyberjaya},
	Month = {May 16th},
	Year = {2016},
	Note = {Retrived on 16/05/2016}}


@article{wikiIOT,
	Author = {Wikipedia},
	Journal = {Internet of Things (IoT)},
	Url = {https://en.wikipedia.org/wiki/Internet_of_Things},
	Month = {May 11th},
	Year = {2016},
	Note = {Retrived on 12/05/2016}}

@article{second,
	Author = {Paul Rubens},
	Journal = {Internet of Things (IoT)},
	Url = {http://www.cio.com/article/2843814/developer/how-to-develop-applications-for-the-internet-of-things.html},
	Month = {May 11th},
	Year = {2016},
	Note = {Retrived on 12/05/2016}}

@article{third,
	Author = {Texas Instruments},
	Journal = {Challenges in the Internet of Things},
	Url = {http://www.ti.com/ww/en/internet_of_things/iot-challenges.html},
	Month = {May 11th},
	Year = {2016},
	Note = {Retrived on 12/05/2016}}


//-------//
